@misc{MNIST-Datensatz,
  title = {{MNIST dataset in TensorFlow}},
  author = {{TensorFlow}},
  year = {2015},
  howpublished = {\url{https://www.tensorflow.org/datasets/catalog/mnist}}
}

@article{kriesel2007kleiner,
  title={Ein kleiner {\"u}berblick {\"u}ber Neuronale Netze},
  author={Kriesel, David},
  journal={Download unter http://www. dkriesel. com/index. php},
  year={2007}
}

@article{lecun2015deep,
  title={Deep learning},
  author={LeCun, Yann and Bengio, Yoshua and Hinton, Geoffrey},
  journal={nature},
  volume={521},
  number={7553},
  pages={436--444},
  year={2015},
  publisher={Nature Publishing Group UK London}
}

@online{tecislava2023,
    author    = {TecIslava},
    title     = {Einführung in Künstliche Neuronale Netzwerke (KNN)},
    year      = {2023},
    url       = {https://www.tecislava.com/blog/knn-einfuehrung},
    note      = {Zugriff am 04.09.2023}
}

@online{rahman2023,
    author    = {Jeslur Rahman},
    title     = {Simply Understanding Artificial Neural Networks (ANN) \& Deep Learning},
    year      = {2023},
    url       = {https://medium.com/jeslurrahman/simply-understanding-artificial-neural-networks-ann-deep-learning-10b19e2eadca},
    note      = {Zugriff am 04.09.2024}
}

@book{rey2019neuronale,
  title={Neuronale netze: Eine einf{\"u}hrung in die grundlagen, anwendungen und datenauswertung},
  author={Rey, G{\"u}nter Daniel and Wender, Karl F},
  year={2019},
  publisher={Hogrefe AG}
}
